<?xml version="1.0" encoding="utf-8"?>
<record xmlns="http://www.loc.gov/MARC21/slim" xmlns:xsi="http://www.w3.org/2001/XMLSchema-instance" xsi:schemaLocation="http://www.loc.gov/MARC21/slim http://www.loc.gov/standards/marcxml/schema/MARC21slim.xsd">
	<leader>     nam a22        4500</leader>
	<controlfield tag="001">001684811</controlfield>
	<controlfield tag="003">NNU</controlfield>
	<controlfield tag="006">m        d        </controlfield>
	<controlfield tag="007">cr cn |||m|||a</controlfield>
	<controlfield tag="008">160519s1953    ua h    o     000 0 arar </controlfield>
	<datafield ind1=" " ind2=" " tag="040">
		<subfield code="a">NNU</subfield>
		<subfield code="b">eng</subfield>
		<subfield code="e">rda</subfield>
		<subfield code="c">NNU</subfield>
	</datafield>
	<datafield ind1="0" ind2=" " tag="041">
		<subfield code="a">ara</subfield>
		<subfield code="a">fre</subfield>
	</datafield>
	<datafield ind1=" " ind2=" " tag="043">
		<subfield code="a">e-sp---</subfield>
	</datafield>
	<datafield ind1="0" ind2="4" tag="050">
		<subfield code="a">DS219.Q7</subfield>
		<subfield code="b">Z8 1953</subfield>
	</datafield>
	<datafield ind1="1" ind2=" " tag="100">
		<subfield code="6">880-01</subfield>
		<subfield code="a">Zubayrī, Muṣʻab ibn ʻAbd Allāh,</subfield>
		<subfield code="d">772 or 773-851.</subfield>
	</datafield>
	<datafield ind1="1" ind2="0" tag="245">
		<subfield code="6">880-02</subfield>
		<subfield code="a">Kitāb nasab Quraysh,</subfield>
		<subfield code="c">li-Abī ʻAbd Allāh al-Muṣʻab ibn ʻAbd Allāh ibn al-Muṣʻab al-Zubayrī; ʻuniyá bi-nashrihi li-awwal marrah wa-taṣḥīḥuhu wa-al-taʻlīq ʻalayhi A. Līfī Brūfinsāl.</subfield>
	</datafield>
	<datafield ind1="3" ind2=" " tag="246">
		<subfield code="6">880-03</subfield>
		<subfield code="a">Nasab Quraysh</subfield>
	</datafield>
	<datafield ind1=" " ind2=" " tag="260">
		<subfield code="6">880-04</subfield>
		<subfield code="a">[al-Qāhirah] :</subfield>
		<subfield code="b">Dār al-Maʻārif lil-Ṭibāʻah wa-al-Nashr,</subfield>
		<subfield code="c">[1953]</subfield>
	</datafield>
	<datafield ind1=" " ind2=" " tag="300">
		<subfield code="a">online resource (23, 477, xi pages,) :</subfield>
		<subfield code="b">facsimiles</subfield>
	</datafield>
	<datafield ind1=" " ind2=" " tag="336">
		<subfield code="a">text</subfield>
		<subfield code="2">rdacontent</subfield>
	</datafield>
	<datafield ind1=" " ind2=" " tag="337">
		<subfield code="a">computer</subfield>
		<subfield code="2">rdamedia</subfield>
	</datafield>
	<datafield ind1=" " ind2=" " tag="338">
		<subfield code="a">online resource</subfield>
		<subfield code="2">rdacarrier</subfield>
	</datafield>
	<datafield ind1="1" ind2=" " tag="490">
		<subfield code="6">880-05</subfield>
		<subfield code="a">Dhakhā'ir al-ʻArab ;</subfield>
		<subfield code="v">11</subfield>
	</datafield>
	<datafield ind1=" " ind2=" " tag="500">
		<subfield code="a">Added t.p.: Kitab nasab Kuraish, recension andalouse du traité de généalogie des Kuraishites par Mus'ab ibn 'Abd Allah al-Zubairi; éd. critique d'après les manuscrits de la Bibliothèque Kattaniya à Fès et de la Bibliothèque nationale de Madrid.</subfield>
	</datafield>
	<datafield ind1=" " ind2=" " tag="500">
		<subfield code="a">Part of the Arabic Collections Online (ACO) project, contributed by New York Univeristy Libraries.</subfield>
	</datafield>
	<datafield ind1=" " ind2=" " tag="533">
		<subfield code="a">Electronic reproduction.</subfield>
		<subfield code="b">New York, N.Y. :</subfield>
		<subfield code="c">New York University,</subfield>
		<subfield code="d">2016.</subfield>
		<subfield code="5">NNU</subfield>
	</datafield>
	<datafield ind1=" " ind2="0" tag="650">
		<subfield code="a">Quraysh (Arab tribe)</subfield>
	</datafield>
	<datafield ind1=" " ind2="7" tag="650">
		<subfield code="a">Quraysh (Arab tribe)</subfield>
		<subfield code="2">fast</subfield>
		<subfield code="0">(OCoLC)fst01086192.</subfield>
	</datafield>
	<datafield ind1="1" ind2=" " tag="700">
		<subfield code="6">880-06</subfield>
		<subfield code="a">Lévi-Provençal, Evariste,</subfield>
		<subfield code="d">1894-1956.</subfield>
	</datafield>
	<datafield ind1="2" ind2=" " tag="710">
		<subfield code="a">New York University.</subfield>
		<subfield code="b">Libraries.</subfield>
	</datafield>
	<datafield ind1="0" ind2=" " tag="730">
		<subfield code="a">Arabic Collections Online.</subfield>
	</datafield>
	<datafield ind1="0" ind2="8" tag="776">
		<subfield code="i">Online version:</subfield>
		<subfield code="a">Zubayrī, Muṣʻab ibn ʻAbd Allāh, 773?-851?</subfield>
		<subfield code="t">Kitāb nasab Quraysh.</subfield>
		<subfield code="d">[al-Qāhirah] : Dār al-Maʻārif lil-Ṭibāʻah wa-al-Nashr, [1953]</subfield>
		<subfield code="w">(OCoLC)579811152</subfield>
	</datafield>
	<datafield ind1="0" ind2="8" tag="776">
		<subfield code="i">Print version:</subfield>
		<subfield code="a">Zubayrī, Muṣʻab ibn ʻAbd Allāh, 772 or 773-851.</subfield>
		<subfield code="t">Kitāb nasab Quraysh</subfield>
		<subfield code="w">(NNU)001684811</subfield>
		<subfield code="w">(DLC)ne 62000110</subfield>
	</datafield>
	<datafield ind1="4" ind2="0" tag="856">
		<subfield code="u">http://hdl.handle.net/2333.1/wdbrv454</subfield>
	</datafield>
	<datafield ind1="1" ind2=" " tag="880">
		<subfield code="6">100-01/</subfield>
		<subfield code="a">أبو عبد لله المصعب بن عبد الله بن المصعب الزبيري،</subfield>
		<subfield code="d">772 or 773-851.</subfield>
	</datafield>
	<datafield ind1="1" ind2="0" tag="880">
		<subfield code="6">245-02/</subfield>
		<subfield code="a">‏كتاب نسب قريش /‏</subfield>
		<subfield code="c">‏لأبي عبد الله المصعب بن عبد الله بن المصعب الزبيري ؛ عني بنشره لأول مرة وتصحيحه والتعليق عليه ا. ليفي بروفنسال.</subfield>
	</datafield>
	<datafield ind1="3" ind2=" " tag="880">
		<subfield code="6">246-03/</subfield>
		<subfield code="a">نسب قريش</subfield>
	</datafield>
	<datafield ind1=" " ind2=" " tag="880">
		<subfield code="6">260-04/</subfield>
		<subfield code="a">[القاهرة] :</subfield>
		<subfield code="b">‏دار المعارف،‏</subfield>
		<subfield code="c">‏[1953]</subfield>
	</datafield>
	<datafield ind1="1" ind2=" " tag="880">
		<subfield code="6">490-05/</subfield>
		<subfield code="a">‏ذخائر العرب ؛‏</subfield>
		<subfield code="v">‏11</subfield>
	</datafield>
	<datafield ind1="1" ind2=" " tag="880">
		<subfield code="6">700-06/</subfield>
		<subfield code="a">ليفي بروفنسال، إ،</subfield>
		<subfield code="d">1894-1956.</subfield>
	</datafield>
	<datafield ind1=" " ind2="0" tag="830">
		<subfield code="6">880-07</subfield>
		<subfield code="a">Dhakhāʼir al-ʻArab ;</subfield>
		<subfield code="v">11.</subfield>
	</datafield>
	<datafield ind1=" " ind2="0" tag="880">
		<subfield code="6">830-07/</subfield>
		<subfield code="a">‏ذخائر العرب ؛‏ ;</subfield>
		<subfield code="v">‏11.</subfield>
	</datafield>
	<datafield ind1=" " ind2=" " tag="959">
		<subfield code="a">NNU</subfield>
		<subfield code="b">WEB</subfield>
		<subfield code="c">GENI</subfield>
		<subfield code="t">0</subfield>
		<subfield code="m">Electronic access</subfield>
		<subfield code="s">01</subfield>
	</datafield>
	<datafield ind1=" " ind2=" " tag="999">
		<subfield code="i">NNU_001684811</subfield>
		<subfield code="s">nyu_aco001366</subfield>
	</datafield>
</record>
